@misc{android-broadcasts,
    title = {Broadcasts overview},
    howpublished = {\url{https://developer.android.com/guide/components/broadcasts}},

}

@misc{kth-ethical-hacking,
    year = {{2021}},
    title = {Ethical hacking of Garmin’s sports watch},
    howpublished = {\url{http://kth.diva-portal.org/smash/get/diva2:1612537/FULLTEXT01.pdf}},
}

@misc{kth-audit,
    year = {{2023}},
    title = {A cybersecurity audit of the Garmin Venu},
    howpublished = {\url{http://kth.diva-portal.org/smash/get/diva2:1757507/FULLTEXT01.pdf}},
}

@misc{broken-vm,
    year = {{2020}},
    title = {A Watch, a Virtual Machine, and Broken Abstractions},
    howpublished = {\url{https://www.atredis.com/blog/2020/11/4/garmin-forerunner-235-dion-blazakis}},
}

@misc{compromising-garmin-watches,
    year = {{2022}},
    title = {Compromising Garmin’s Sport Watches: A Deep Dive into GarminOS and its MonkeyC Virtual Machine},
    howpublished = {\url{https://www.anvilsecure.com/blog/compromising-garmins-sport-watches-a-deep-dive-into-garminos-and-its-monkeyc-virtual-machine.html}},
}

@misc{firmware-format,
    year = {{2022}},
    title = {Garmin GCD Firmware Update File Format},
    howpublished = {\url{https://www.memotech.franken.de/FileFormats/Garmin\_GCD\_Format.pdf}},
}

@misc{garmin-signing,
    title = {Garmin security},
    howpublished = {\url{https://developer.garmin.com/connect-iq/core-topics/security/}},
}

@misc{java-signature,
    title = {Java Signature Algorithms},
    howpublished = {\url{https://docs.oracle.com/en/java/javase/17/docs/specs/security/standard-names.html#signature-algorithms}},
}

@misc{pkcs,
    title = {PKCS {\#}1: RSA Cryptography Specifications Version 2.2},
    howpublished = {\url{https://datatracker.ietf.org/doc/html/rfc8017}},
}

@inproceedings {shambles,
    author = {Ga{\"e}tan Leurent and Thomas Peyrin},
    title = {{SHA-1} is a Shambles: First {Chosen-Prefix} Collision on {SHA-1} and Application to the {PGP} Web of Trust},
    booktitle = {29th USENIX Security Symposium (USENIX Security 20)},
    year = {2020},
    isbn = {978-1-939133-17-5},
    pages = {1839--1856},
    url = {https://www.usenix.org/conference/usenixsecurity20/presentation/leurent},
    publisher = {USENIX Association},
    month = aug
}

@inproceedings {aflplusplus,
    author = {Andrea Fioraldi and Dominik Maier and Heiko Ei{\ss}feldt and Marc Heuse},
    title = {{AFL++} : Combining Incremental Steps of Fuzzing Research},
    booktitle = {14th USENIX Workshop on Offensive Technologies (WOOT 20)},
    year = {2020},
    url = {https://www.usenix.org/conference/woot20/presentation/fioraldi},
    publisher = {USENIX Association},
    month = aug
}

